001  0000047
005  20180822172545.926
008  170311s||||     bl|||||||||||||||||por|u
020    $a8532206239
040    $aPorto Alegre$bpor
080    $2869.0(81)-31$a1997
090    $a869.0(81)-31$bG149s
100 1  $aGaldino, Luiz
245 10 $aSaruê, Zambi!$cLuiz Galdino
250    $a6. ed.
260    $aSão Paulo$bFTD$c1994
300    $a87 p.$bil.
650    $aLiteratura Juvenil
650    $aLiteratura Infanto-Juvenil
650    $aFicção 
650    $aMenino Negro
650    $aMenina Negra
650    $aCultura Negra
